@article{shadmehr1994adaptive,
  title={Adaptive representation of dynamics during learning of a motor task},
  author={Shadmehr, Reza and Mussa-Ivaldi, Ferdinando A},
  journal={Journal of Neuroscience},
  volume={14},
  number={5},
  pages={3208--3224},
  year={1994},
  publisher={Soc Neuroscience}
}

@article{devasia2002should,
  title={Should model-based inverse inputs be used as feedforward under plant uncertainty?},
  author={Devasia, Santosh},
  journal={IEEE Transactions on Automatic Control},
  volume={47},
  number={11},
  pages={1865--1871},
  year={2002},
  publisher={IEEE}
}

@article{gawthrop2009predictive,
  title={Predictive feedback in human simulated pendulum balancing},
  author={Gawthrop, Peter and Loram, Ian and Lakie, Martin},
  journal={Biological cybernetics},
  volume={101},
  number={2},
  pages={131--146},
  year={2009},
  publisher={Springer}
}

@article{gawthrop2011intermittent,
  title={Intermittent control: a computational theory of human control},
  author={Gawthrop, Peter and Loram, Ian and Lakie, Martin and Gollee, Henrik},
  journal={Biological cybernetics},
  volume={104},
  number={1-2},
  pages={31--51},
  year={2011},
  publisher={Springer}
}

@article{mcruer1969theory,
  title={Theory of manual vehicular control},
  author={McRuer, Duane and Weir, David H},
  journal={Ergonomics},
  volume={12},
  number={4},
  pages={599--633},
  year={1969},
  publisher={Taylor \& Francis}
}

@article{roth2014comparative,
  title={A comparative approach to closed-loop computation},
  author={Roth, E and Sponberg, S and Cowan, NJ},
  journal={Current opinion in neurobiology},
  volume={25},
  pages={54--62},
  year={2014},
  publisher={Elsevier}
}

@article{mcruer1967review,
  title={A review of quasi-linear pilot models},
  author={McRuer, Duane T and Jex, Henry R},
  journal={IEEE Transactions on Human Factors in Electronics},
  number={3},
  pages={231--249},
  year={1967},
  publisher={IEEE}
}

@article{schwenk2009grand,
  title={Grand challenges in organismal biology},
  author={Schwenk, Kurt and Padilla, Dianna K and Bakken, George S and Full, Robert J},
  journal={Integrative and Comparative Biology},
  volume={49},
  number={1},
  pages={7--14},
  year={2009},
  publisher={Oxford University Press}
}

@article{nishikawa2007neuromechanics,
  title={Neuromechanics: an integrative approach for understanding motor control},
  author={Nishikawa, Kiisa and Biewener, Andrew A and Aerts, Peter and Ahn, Anna N and Chiel, Hillel J and Daley, Monica A and Daniel, Thomas L and Full, Robert J and Hale, Melina E and Hedrick, Tyson L and others},
  journal={Integrative and Comparative Biology},
  volume={47},
  number={1},
  pages={16--54},
  year={2007},
  publisher={Oxford University Press}
}

@article{allen1979man,
  title={The man/machine control interfaceâ€”Pursuit control},
  author={Allen, R Wade and McRuer, Duane},
  journal={Automatica},
  volume={15},
  number={6},
  pages={683--686},
  year={1979},
  publisher={Elsevier}
}

@techreport{mcruer1974mathematical,
  title={Mathematical models of human pilot behavior},
  author={McRuer, Duane T and Krendel, Ezra S},
  year={1974},
  institution={ADVISORY GROUP FOR AEROSPACE RESEARCH AND DEVELOPMENT NEUILLY-SUR-SEINE (FRANCE)}
}

@article{warrier2017inferring,
  title={Inferring intent for novice human-in-the-loop iterative learning control},
  author={Warrier, Rahul B and Devasia, Santosh},
  journal={IEEE Transactions on Control Systems Technology},
  volume={25},
  number={5},
  pages={1698--1710},
  year={2017},
  publisher={IEEE}
}

@article{warrier2017train,
  title={How to Train Your Robot?},
  author={Warrier, Rahul B and Devasia, Santosh},
  journal={Mechanical Engineering Magazine Select Articles},
  volume={139},
  number={06},
  pages={S19--S23},
  year={2017},
  publisher={American Society of Mechanical Engineers}
}

@article{warrier2017data,
  title={Data-based Iterative Human-in-the-loop Robot-Learning for Output Tracking},
  author={Warrier, Rahul B and Devasia, Santosh},
  journal={IFAC-PapersOnLine},
  volume={50},
  number={1},
  pages={12113--12118},
  year={2017},
  publisher={Elsevier}
}

@article{warrier2016iterative,
  title={Iterative learning from novice human demonstrations for output tracking},
  author={Warrier, Rahul B and Devasia, Santosh},
  journal={IEEE Transactions on Human-Machine Systems},
  volume={46},
  number={4},
  pages={510--521},
  year={2016},
  publisher={IEEE}
}

@article{desmurget2000forward,
  title={Forward modeling allows feedback control for fast reaching movements},
  author={Desmurget, Michel and Grafton, Scott},
  journal={Trends in cognitive sciences},
  volume={4},
  number={11},
  pages={423--431},
  year={2000},
  publisher={Elsevier}
}

@techreport{Li:EECS-2013-134,
    Author = {Li, Wenchao and Sadigh, Dorsa and Sastry, S. Shankar and Seshia, Sanjit A.},
    Title = {Synthesis for Human-in-the-Loop Control Systems},
    Institution = {EECS Department, University of California, Berkeley},
    Year = {2013},
    Month = {Jul},
    URL = {http://www2.eecs.berkeley.edu/Pubs/TechRpts/2013/EECS-2013-134.html},
    Number = {UCB/EECS-2013-134},
    Abstract = {Several control systems in safety-critical applications involve the interaction of an autonomous controller with one or more human operators. Examples include pilots interacting with an autopilot system in an aircraft, and a driver interacting with automated driver-assistance features in an automobile. The correctness of such systems depends not only on the autonomous controller, but also on the actions of the human controller. In this paper, we present a formalism for human-in-the-loop control systems. Particularly, we focus on the problem of synthesizing a semi-autonomous controller from high-level temporal specifications that expect occasional human intervention for correct operation. We present an algorithm for this problem, and demonstrate its operation on problems related to driver assistance in automobiles.}
}

@article{abbink2012haptic,
  title={Haptic shared control: smoothly shifting control authority?},
  author={Abbink, David A and Mulder, Mark and Boer, Erwin R},
  journal={Cognition, Technology \& Work},
  volume={14},
  number={1},
  pages={19--28},
  year={2012},
  publisher={Springer}
}

@article{mulder2012sharing,
  title={Sharing control with haptics: Seamless driver support from manual to automatic control},
  author={Mulder, Mark and Abbink, David A and Boer, Erwin R},
  journal={Human factors},
  volume={54},
  number={5},
  pages={786--798},
  year={2012},
  publisher={Sage Publications Sage CA: Los Angeles, CA}
}

@article{harriott2013modeling,
  title={Modeling human performance for human--robot systems},
  author={Harriott, Caroline E and Adams, Julie A},
  journal={Reviews of Human Factors and Ergonomics},
  volume={9},
  number={1},
  pages={94--130},
  year={2013},
  publisher={SAGE Publications Sage CA: Los Angeles, CA}
}

@inproceedings{roth2017toward,
  title={Toward experimental validation of a model for human sensorimotor learning and control in teleoperation},
  author={Roth, Eatai and Howell, Darrin and Beckwith, Cydney and Burden, Samuel A},
  booktitle={Micro-and Nanotechnology Sensors, Systems, and Applications IX},
  volume={10194},
  pages={101941X},
  year={2017},
  organization={International Society for Optics and Photonics}
}

@inproceedings{robinson2016dynamic,
  title={Dynamic inverse models in human-cyber-physical systems},
  author={Robinson, Ryan M and Scobee, Dexter RR and Burden, Samuel A and Sastry, S Shankar},
  booktitle={Micro-and Nanotechnology Sensors, Systems, and Applications VIII},
  volume={9836},
  pages={98361X},
  year={2016},
  organization={International Society for Optics and Photonics}
}